<record xmlns="http://www.loc.gov/MARC21/slim" xmlns:xsi="http://www.w3.org/2001/XMLSchema-instance" xsi:schemaLocation="http://www.loc.gov/MARC21/slim http://www.loc.gov/standards/marcxml/schema/MARC21slim.xsd"><leader>02106nam a2200421   4500</leader><controlfield tag="001">001977452</controlfield><controlfield tag="003">NNU</controlfield><controlfield tag="006">m        d        </controlfield><controlfield tag="007">cr cn |||m|||a</controlfield><controlfield tag="008">150116s1973    ir      ob    000 0 arar</controlfield><datafield ind1=" " ind2=" " tag="040"><subfield code="a">NNU</subfield><subfield code="b">eng</subfield><subfield code="c">NNU</subfield></datafield><datafield ind1="0" ind2=" " tag="041"><subfield code="a">per</subfield><subfield code="a">ara</subfield></datafield><datafield ind1="0" ind2=" " tag="050"><subfield code="a">B753</subfield><subfield code="b">.M8 1973</subfield></datafield><datafield ind1=" " ind2=" " tag="090"><subfield code="a">B753</subfield><subfield code="b">.M8 1973</subfield></datafield><datafield ind1="1" ind2=" " tag="100"><subfield code="a">&#7778;adr al-D&#299;n Sh&#299;r&#257;z&#299;, Mu&#7717;ammad ibn Ibr&#257;h&#299;m,</subfield><subfield code="d">d. 1641.</subfield></datafield><datafield ind1="1" ind2="0" tag="245"><subfield code="a">Sih ris&#257;lah</subfield><subfield code="h">[electronic resource] /</subfield><subfield code="c">az Mu&#7717;ammad ibn Ibr&#257;h&#299;m &#7778;adr al-D&#299;n al-Sh&#299;r&#257;z&#299; ; b&#257; ta&#699;l&#299;q va ta&#7779;&#7717;&#299;h&#803;&#772; va muqaddimah-'i Jal&#257;l al-D&#299;n &#256;shtiy&#257;n&#299;.</subfield></datafield><datafield ind1=" " ind2=" " tag="260"><subfield code="a">Mashhad :</subfield><subfield code="b">Ch&#257;p&#697;kh&#257;nah-'i D&#257;nishg&#257;h-i Mashhad,</subfield><subfield code="c">1973.</subfield></datafield><datafield ind1=" " ind2=" " tag="300"><subfield code="a">online resource (217, 198, [16] p.)</subfield></datafield><datafield ind1="1" ind2=" " tag="490"><subfield code="a">Intish&#257;r&#257;t-i D&#257;nishkadah-&#700;i Il&#257;h&#299;yat va Ma&#699;&#257;rif-i Isl&#257;m&#299;-i Mashhad ;</subfield><subfield code="v">shum&#257;rah-&#237; 5</subfield></datafield><datafield ind1=" " ind2=" " tag="500"><subfield code="a">Added t. p.: Three treatises.</subfield></datafield><datafield ind1=" " ind2=" " tag="500"><subfield code="a">Cover title: Ras&#257;'il-i falsaf&#299;.</subfield></datafield><datafield ind1=" " ind2=" " tag="500"><subfield code="a">Texts in Arabic; introd. and notes in Persian; a pref. in English.</subfield></datafield><datafield ind1=" " ind2=" " tag="500"><subfield code="a">Part of the Arabic Collections Online (ACO) project, contributed by New York Univeristy Libraries.</subfield></datafield><datafield ind1=" " ind2=" " tag="504"><subfield code="a">Includes bibliographical references.</subfield></datafield><datafield ind1="0" ind2=" " tag="505"><subfield code="a">al-Mas&#257;'il al-quds&#299;yah.--Mutash&#257;bih&#257;t al-Qur'&#257;n.--Ajwibat al-mas&#257;'il.</subfield></datafield><datafield ind1=" " ind2=" " tag="533"><subfield code="a">Electronic reproduction.</subfield><subfield code="b">New York, N.Y. :</subfield><subfield code="c">New York University,</subfield><subfield code="d">2015.</subfield><subfield code="5">NNU</subfield></datafield><datafield ind1="1" ind2="0" tag="600"><subfield code="a">&#7778;adr al-D&#299;n Sh&#299;r&#257;z&#299;, Mu&#7717;ammad ibn Ibr&#257;h&#299;m,</subfield><subfield code="d">d. 1641.</subfield></datafield><datafield ind1="0" ind2="0" tag="630"><subfield code="a">Koran</subfield><subfield code="x">Criticism, interpretation, etc.</subfield></datafield><datafield ind1=" " ind2="0" tag="650"><subfield code="a">Islamic philosophy</subfield><subfield code="v">Early works to 1800.</subfield></datafield><datafield ind1="1" ind2=" " tag="700"><subfield code="a">&#256;shtiy&#257;n&#299;, Jal&#257;l al-D&#299;n.</subfield></datafield><datafield ind1="2" ind2=" " tag="710"><subfield code="a">New York University.</subfield><subfield code="b">Libraries.</subfield></datafield><datafield ind1="0" ind2=" " tag="730"><subfield code="a">Arabic Collections Online.</subfield></datafield><datafield ind1="0" ind2=" " tag="740"><subfield code="a">Ras&#257;'il-i falsaf&#299;.</subfield></datafield><datafield ind1="0" ind2="8" tag="776"><subfield code="i">Print version:</subfield><subfield code="a">&#7778;adr al-D&#299;n Sh&#299;r&#257;z&#299;, Mu&#7717;ammad ibn Ibr&#257;h&#299;m, d. 1641.</subfield><subfield code="t">Sih ris&#257;lah</subfield><subfield code="w">(NNU)001977452</subfield><subfield code="w">(DLC)79354161</subfield></datafield><datafield ind1=" " ind2="0" tag="830"><subfield code="a">Intish&#257;r&#257;t-i D&#257;nishkadah-&#700;i Il&#257;h&#299;yat va Ma&#699;&#257;rif-i Isl&#257;m&#299;-i Mashhad ;</subfield><subfield code="v">shum&#257;rah-&#237; 5.</subfield></datafield><datafield ind1="4" ind2="0" tag="856"><subfield code="u">http://hdl.handle.net/2333.1/z34tmrvk</subfield></datafield><datafield ind1=" " ind2=" " tag="959"><subfield code="a">NNU</subfield><subfield code="b">WEB</subfield><subfield code="c">GENI</subfield><subfield code="t">0</subfield><subfield code="m">Electronic access</subfield><subfield code="s">01</subfield></datafield><datafield ind1=" " ind2=" " tag="999"><subfield code="i">NNU_001977452</subfield><subfield code="o" /><subfield code="e">(ERROR-880)</subfield></datafield></record>